

@book{van1950moderne,
  title={Moderne algebra},
  author={Van der Waerden, Bartel Leendert and Artin, Emil and Noether, Emmy},
  volume={31950},
  year={1950},
  publisher={Springer}
}


@book{artin1998galois,
  title={Galois theory},
  author={Artin, Emil and Milgram, Arthur Norton},
  volume={2},
  year={1998},
  publisher={Courier Corporation}
}


@book{nicholson2012introduction,
  title={Introduction to abstract algebra},
  author={Nicholson, W Keith},
  year={2012},
  publisher={John Wiley \& Sons}
}



@article{lang1976algebre,
  title={Alg{\`e}bre lin{\'e}aire},
  author={Lang, Serge},
  year={1976},
  publisher={InterEditions}
}

@article{kannan1988polynomial,
  title={Polynomial factorization and nonrandomness of bits of algebraic and some transcendental numbers},
  author={Kannan, Ravi and Lenstra, Arjen K and Lov{\'a}sz, L{\'a}szl{\'o}},
  journal={Mathematics of Computation},
  volume={50},
  number={181},
  pages={235--250},
  year={1988}
}

@book{von2013modern,
  title={Modern computer algebra},
  author={Von Zur Gathen, Joachim and Gerhard, J{\"u}rgen},
  year={2013},
  publisher={Cambridge university press}
}


@article{landau1985solvability,
  title={Solvability by radicals is in polynomial time},
  author={Landau, Susan and Miller, Gary Lee},
  journal={Journal of Computer and System Sciences},
  volume={30},
  number={2},
  pages={179--208},
  year={1985},
  publisher={Elsevier}
}
@article{landau1985solvability,
  title={Solvability by radicals is in polynomial time},
  author={Landau, Susan and Miller, Gary Lee},
  journal={Journal of Computer and System Sciences},
  volume={30},
  number={2},
  pages={179--208},
  year={1985},
  publisher={Elsevier}
}

@article{mignotte1974inequality,
  title={An inequality about factors of polynomials},
  author={Mignotte, Maurice},
  journal={Mathematics of Computation},
  volume={28},
  number={128},
  pages={1153--1157},
  year={1974}
}
@article{lenstra1982factoring,
  title={Factoring polynomials with rational coefficients},
  author={Lenstra, Arjen Klaas and Lenstra, Hendrik Willem and Lov{\'a}sz, L{\'a}szl{\'o}},
  journal={Mathematische Annalen},
  volume={261},
  number={4},
  pages={515--534},
  year={1982},
  publisher={Springer}
}
